@article{pike1995plan,
  title     = {Plan 9 from bell labs},
  author    = {Pike, Rob and Presotto, Dave and Dorward, Sean and Flandrena, Bob and Thompson, Ken and Trickey, Howard and Winterbottom, Phil},
  journal   = {Computing systems},
  volume    = {8},
  number    = {3},
  pages     = {221--254},
  year      = {1995},
  publisher = {Berkeley, CA: University of California Press, c1988-c1997.}
}

@article{howard1988scale,
  title     = {Scale and performance in a distributed file system},
  author    = {Howard, John H and Kazar, Michael L and Menees, Sherri G and Nichols, David A and Satyanarayanan, Mahadev and Sidebotham, Robert N and West, Michael J},
  journal   = {ACM Transactions on Computer Systems (TOCS)},
  volume    = {6},
  number    = {1},
  pages     = {51--81},
  year      = {1988},
  publisher = {ACM New York, NY, USA}
}

@inproceedings{cai2018some,
  title        = {Some Discoveries from a Concurrency Benchmark Study of Major Cloud Storage Systems},
  author       = {Cai, Weiwei and Ng, Agustina and Sun, Chengzheng},
  booktitle    = {International Conference on Cooperative Design, Visualization and Engineering},
  pages        = {44--48},
  year         = {2018},
  organization = {Springer}
}

@inproceedings{tang2013you,
  title        = {What do you see in the cloud? Understanding the cloud-based user experience through practices},
  author       = {Tang, John C and Brubaker, Jed R and Marshall, Catherine C},
  booktitle    = {IFIP Conference on Human-Computer Interaction},
  pages        = {678--695},
  year         = {2013},
  organization = {Springer}
}

@inproceedings{shapiro2011conflict,
  title        = {Conflict-free replicated data types},
  author       = {Shapiro, Marc and Pregui{\c{c}}a, Nuno and Baquero, Carlos and Zawirski, Marek},
  booktitle    = {Symposium on Self-Stabilizing Systems},
  pages        = {386--400},
  year         = {2011},
  organization = {Springer}
}

@inproceedings{nedelec2013lseq,
  title     = {LSEQ: an adaptive structure for sequences in distributed collaborative editing},
  author    = {N{\'e}delec, Brice and Molli, Pascal and Mostefaoui, Achour and Desmontils, Emmanuel},
  booktitle = {Proceedings of the 2013 ACM symposium on Document engineering},
  pages     = {37--46},
  year      = {2013}
}

@article{letia2009crdts,
  title   = {CRDTs: Consistency without concurrency control},
  author  = {Letia, Mihai and Pregui{\c{c}}a, Nuno and Shapiro, Marc},
  journal = {arXiv preprint arXiv:0907.0929},
  year    = {2009}
}

@inproceedings{yanakieva2021access,
  title     = {Access Control Conflict Resolution in Distributed File Systems using CRDTs},
  author    = {Yanakieva, Elena and Youssef, Michael and Rezae, Ahmad Hussein and Bieniusa, Annette},
  booktitle = {Proceedings of the 8th Workshop on Principles and Practice of Consistency for Distributed Data},
  pages     = {1--3},
  year      = {2021}
}


@phdthesis{taothanh:tel-01673030,
  title       = {{Ensuring availability and managing consistency in geo-replicated file systems}},
  author      = {Tao Thanh, Vinh},
  url         = {https://tel.archives-ouvertes.fr/tel-01673030},
  number      = {2017PA066521},
  school      = {{Universit{\'e} Pierre et Marie Curie - Paris VI}},
  year        = {2017},
  month       = Dec,
  keywords    = {Replication ; File system ; Geo-distribution ; R{\'e}solution des conflits ; Crdt ; Coh{\'e}rence {\'e}ventuelle ; Syst{\`e}me de fichiers ; G{\'e}o-Distribution ; R{\'e}plication},
  type        = {Theses},
  pdf         = {https://tel.archives-ouvertes.fr/tel-01673030v2/file/2017PA066521.pdf},
  hal_id      = {tel-01673030},
  hal_version = {v2}
}

@article{martin2012abstract,
  title   = {Abstract unordered and ordered trees CRDT},
  author  = {Martin, St{\'e}phane and Ahmed-Nacer, Mehdi and Urso, Pascal},
  journal = {arXiv preprint arXiv:1201.1784},
  year    = {2012}
}

@inproceedings{balegas2015putting,
  title={Putting consistency back into eventual consistency},
  author={Balegas, Valter and Duarte, S{\'e}rgio and Ferreira, Carla and Rodrigues, Rodrigo and Pregui{\c{c}}a, Nuno and Najafzadeh, Mahsa and Shapiro, Marc},
  booktitle={Proceedings of the Tenth European Conference on Computer Systems},
  pages={1--16},
  year={2015}
}

@techreport{nair:hal-03150817,
  TITLE = {{A coordination-free, convergent, and safe replicated tree}},
  AUTHOR = {Nair, Sreeja S and Meirim, Filipe and Pereira, M{\'a}rio and Ferreira, Carla and Shapiro, Marc},
  URL = {https://hal.archives-ouvertes.fr/hal-03150817},
  TYPE = {Research Report},
  NUMBER = {RR-9395},
  PAGES = {36},
  INSTITUTION = {{LIP6, Sorbonne Universit{\'e}, Inria de Paris ; Universidade nova de Lisboa}},
  YEAR = {2021},
  MONTH = Feb,
  KEYWORDS = {Formal verification ; Distributed data structures ; Conflict-free Replicated Data Type ; V{\'e}rification formelle ; CRDT ; Structures de donn{\'e}es distribu{\'e}es},
  PDF = {https://hal.archives-ouvertes.fr/hal-03150817v2/file/RR-9395%2FRR-9395.pdf},
  HAL_ID = {hal-03150817},
  HAL_VERSION = {v2},
}

@article{akkoorath2016antidote,
  title={Antidote: the highly-available geo-replicated database with strongest guarantees},
  author={Akkoorath, Deepthi Devaki and Bieniusa, Annette},
  journal={SyncFree Technology White Paper},
  year={2016}
}

@article{ahmed2012file,
  title={File system on CRDT},
  author={Ahmed-Nacer, Mehdi and Martin, St{\'e}phane and Urso, Pascal},
  journal={arXiv preprint arXiv:1207.5990},
  year={2012}
}

@inproceedings{tao2015merging,
  title={Merging semantics for conflict updates in geo-distributed file systems},
  author={Tao, Vinh and Shapiro, Marc and Rancurel, Vianney},
  booktitle={Proceedings of the 8th ACM International Systems and Storage Conference},
  pages={1--12},
  year={2015}
}

@inproceedings{akkoorath2016cure,
  title={Cure: Strong semantics meets high availability and low latency},
  author={Akkoorath, Deepthi Devaki and Tomsic, Alejandro Z and Bravo, Manuel and Li, Zhongmiao and Crain, Tyler and Bieniusa, Annette and Pregui{\c{c}}a, Nuno and Shapiro, Marc},
  booktitle={2016 IEEE 36th International Conference on Distributed Computing Systems (ICDCS)},
  pages={405--414},
  year={2016},
  organization={IEEE}
}
